@inproceedings{
ZOOMM,
   author = {Cascaval, Calin and Fowler, Seth and Montesinos-Ortego, Pablo and Piekarski, Wayne and Reshadi, Mehrdad and Robatmili, Behnam and Weber, Michael and Bhavsar, Vrajesh},
  title = {{ZOOMM}: A Parallel Web Browser Engine for Multicore Mobile Devices},
  booktitle = {Proceedings of the 18th ACM SIGPLAN Symposium on Principles and Practice of Parallel Programming},
  series = {PPoPP '13},
  year = {2013},
  isbn = {978-1-4503-1922-5},
  location = {Shenzhen, China},
  pages = {271--280},
  numpages = {10},
  url = {http://doi.acm.org/10.1145/2442516.2442543},
  doi = {10.1145/2442516.2442543},
  acmid = {2442543},
  publisher = {ACM},
  address = {New York, NY, USA},
}

@misc{
CHROME,
 title = {The {G}oogle {C}hrome web browser},
 note = {\url{http://www.google.com/chrome}}
 }
 
@misc{
IE,
 title = {The {M}icrosoft {I}nternet {E}xplorer web browser},
 note = {\url{http://www.microsoft.com/ie}}
 }
 

@misc{
FIREFOX,
 title = {The {M}ozilla {F}irefox web browser},
 note = {\url{http://www.firefox.com/}}
 }

@misc{
OPERA,
 title = {The {O}pera web browser},
 note = {\url{http://www.opera.com/}}
 }

@misc{
RUST,
 title = {The {R}ust language},
 note = {\url{http://www.rust-lang.org/}}
 }
 
@misc{
SAFARI,
 title = {The {A}pple {S}afari web browser},
 note = {\url{http://www.apple.com/safari}}
 }

@misc{
SERVO,
 title = {The {S}ervo web browser},
 note = {\url{https://github.com/servo/servo}}
 }


@inproceedings{
parallelizing-web-pages,
   author = {Mai, Haohui and Tang, Shuo and King, Samuel T. and Cascaval, Calin and Montesinos, Pablo},
   title = "A {C}ase for {P}arallelizing {W}eb {P}ages",
   booktitle = {Proceedings of the 4th USENIX Conference on Hot Topics in Parallelism},
   series = {HotPar'12},
   year = {2012},
   location = {Berkeley, CA},
   publisher = {USENIX Association},
   address = {Berkeley, CA, USA},
}

@inproceedings{
parallel-layout,
  author = {Meyerovich, Leo A. and Bodik, Rastislav},
  title = {Fast and {P}arallel {W}ebpage {L}ayout},
  booktitle = {Proceedings of the 19th International Conference on World Wide Web},
  series = {WWW '10},
  year = {2010},
  isbn = {978-1-60558-799-8},
  location = {Raleigh, North Carolina, USA},
  pages = {711--720},
  numpages = {10},
  url = {http://doi.acm.org/10.1145/1772690.1772763},
  publisher = {ACM},
  address = {New York, NY, USA},
  keywords = {attribute grammar, box model, css, font, html, layout, mobile, multicore, selector},
}

@inproceedings{
browsers-slow-smartphones,
  author = {Wang, Zhen and Lin, Felix Xiaozhu and Zhong, Lin and Chishtie, Mansoor},
  title = {Why {A}re {W}eb {B}rowsers {S}low on {S}martphones?},
  booktitle = {Proceedings of the 12th Workshop on Mobile Computing Systems and Applications},
  series = {HotMobile '11},
  year = {2011},
  location = {Phoenix, Arizona},
  publisher = {ACM},
  address = {New York, NY, USA},
  }
              
@misc{
WEBKIT,
 title = {The {WebKit} open source project},
 note = {\url{http://www.webkit.org}}
 }