% short journal/proceedings names
%

@String{academic-press:pub	= "Academic Press, Inc."}
@String{academic-press:addr	= "London, UK"}
@String{ACM:pub			= "ACM"}
@String{ACM:addr		= "New York, NY"}
@String{acm-press:pub           = "{ACM} Press"}
@String{addison-wesley:pub	= "Addison-Wesley"}
@String{addison-wesley:addr	= "Reading, MA"}
@String{CUP:pub			= "Cambridge University Press"}
@String{CUP:addr		= "Cambridge, England"}
@String{Elsevier:pub		= "Elsevier Science Publishers"}
@String{Elsevier:addr		= "New York, NY"}
@String{Eurographics:pub        = "Eurographics Association"}
@String{Eurographics:addr       = "Aire-la-Ville, Switzerland"}
@string{IEEE-COMPUTER		= "{IEEE} Computer"}
@String{IEEE-PRESS:pub		= "{IEEE} Computer Society Press"}
@String{IEEE-PRESS:addr		= "Los Alamitos, CA"}
@String{Kluwer:pub		= "Kluwer Academic Publishers"}
@String{Kluwer:addr		= "Boston, MA"}
@String{microsoft:pub		= "Microsoft Press"}
@String{microsoft:addr		= "Redmond, WA"}
@String{mit-press:pub		= "The {MIT} Press"}
@String{mit-press:addr		= "Cambridge, MA"}
@String{mk:pub			= "Morgan Kaufmann Publishers"}
@String{mk:addr			= "New York, NY"}
@String{NorthHolland:pub	= "North-Holland"}
@String{NorthHolland:addr	= "New York, NY"}
@String{OREILLY:pub		= "O'Reilly \& Associates"}
@String{OREILLY:addr		= "Sebastopol, CA"}
@String{permagon:pub            = "Permagon Press, Inc."}
@String{permagon:addr           = "Tarrytown, NY"}
@String{prentice-hall:pub	= "Prentice Hall"}
@String{prentice-hall:addr	= "Englewood Cliffs, NJ"}
@String{sage:pub                = "Sage Publications, Inc."}
@String{sage:addr               = "Thousand Oaks, CA"}
@String{springer:pub		= "Springer-Verlag"}
@String{springer:addr		= "New York, NY"}
@String{springer:pub-addr	= "Springer-Verlag, New York, NY"}
@String{UofCPress:pub		= "University of Chicago Press"}
@String{UofCPress:addr		= "Chicago, IL"}
@String{USENIX:pub              = "{USENIX} Association"}
@String{USENIX:addr             = "Berkeley, CA"}
@String{wiley:pub		= "John Wiley \& Sons"}
@String{wiley:addr		= "New York, NY"}


@String{CMU-CS:name		= "School of C.S., CMU"}
@String{CMU-CS:addr		= "Pittsburgh, PA"}
@String{cornell-cs		= "Dept. of CS, Cornell University"}
@String{cornell-cs:addr		= "Ithaca, NY"}
@String{DEC-SRC:name		= "Digital System Research Center"}
@String{DEC-SRC:addr		= "Palo Alto, CA"}
@String{EPFL			= "{EPFL}"}
@String{EPFL:addr		= "{Lausanne}, {Switzerland}"}
@String{mit                     = "MIT"}
@String{mit-lcs                 = "MIT LCS"}
@String{MCGILL-CS		= "McGill University, School of Computer Science"}
@String{MCGILL-CS:addr		= "Montr{\'{e}}al, Canada"}
@string{PRINCETON-CS		= "Dept.\ of C.S., Princeton University"}
@String{uchicago:name		= "Dept.\ of C.S., U.\ of Chicago"}
@String{uchicago:addr		= "Chicago, IL"}
@String{UIUC-CS                 = "C.S.\ Dept., UIUC"}
@String{UIUC-CS:addr            = "Urbana, IL"}
@string{UTAH-CS			= "Dept.\ of C.S., University of Utah"}
@string{XEROX-PARC		= "{Xerox PARC}"}
@string{YALE-CS			= "Dept.\ of C.S., Yale University"}
@string{YALE-CS:addr		= "New Haven, CT"}

% journals
%
@String{CACM			= "{CACM}"}
@String{CL                      = "{Comp. Lang.}"}
@String{Computer		= "Computer"}
@String{HOSC			= "{HOSC}"}
@String{ENTCS			= "{ENTCS}"}
@String{IC                      = "{I\&C}"}
@String{IHPC                    = "{IHPC}"}
@String{IJPP			= "{IJPP}"}
@String{IPL                     = "{IPL}"}
@String{JACM			= "{JACM}"}
@String{JFP			= "{JFP}"}
@String{JPDC			= "{JPDC}"}
@String{JSC			= "{JSC}"}
@String{JPE			= "{JPE}"}
@String{LNCS			= "{LNCS}"}
@String{LASC			= "{LASC}"}
@String{MICRO			= "{Micro}"}
@string{MSCS			= "{MSCS}"}
@string{MSR			= "{MSR}"}
@String{NGC                     = "{NGC}"}
@String{PLAS			= "{PLAS}"}
@string{SIAMJC                  = "{SIAM} {JC}"}
@String{SPE			= "{SP\&E}"}
@string{SURVEYS			= "{ACM} Comp.\ Surveys"}
@String{TAPOS			= "{TAPOS}"}
@String{TCS			= "{Theor. Comput. Sci.}"}
@String{TOCS			= "{ACM} {TOCS}"}
@String{TOG			= "{ACM} {TOG}"}
@String{TOMS			= "{ACM} {TOMS}"}
@String{TOPLAS			= "{ACM} {TOPLAS}"}
@String{SCP                     = "SCP"}

@String{AAAI88			= "{AAAI '88}"}
@String{AAAI88:month		= aug}

@String{APLAS08                 = "{APLAS '08}"}
@String{APLAS08:month           = dec}
@String{APLAS08:loc             = {Bangalore, India}}

@String{ASP-DAC12		= "{ASP-DAC '07}"}
@String{ASP-DAC12:year		= 2007}
@String{ASP-DAC12:month		= jan}
@String{ASPLOS91		= "{ASPLOS '91}"}
@String{ASPLOS91:year		= 1991}
@String{ASPLOS09		= "{ASPLOS '09}"}
@String{ASPLOS09:month		= mar}
@String{ASPLOS09:loc		= "Washington, DC"}
@String{ASPLOS10		= "{ASPLOS '10}"}
@String{ASPLOS10:year		= 2010}

@String{BABEL01			= "{BABEL '01}"}

@String{CC4			= "{CC '92}"}
@String{CC4:year		= 1992}
@String{CC4:month		= oct}
@String{CC5			= "{CC '94}"}
@String{CC5:year		= 1994}
@String{CC5:month		= apr}

@String{CCS4			= "{CCS '97}"}
@String{CCS4:year		= 1997}
@String{CCS4:month		= apr}

@String{CEFP09                  = "{CEFP '09}"}
@String{CEFP09:editor           = "Zoltan Horv\'ath"}

@String{CF04			= "{CF '04}"}
@String{CF04:month		= apr}
@String{CF04:loc		= "Ischia, Italy"}
@String{CF08                    = "{CF '08}"}
@String{CF08:month		= may}
@String{CF08:loc		= "Ischia, Italy"}

@string{CONCUR4			= "{CONCUR '93}"}
@String{CONCUR4:year		= "1993"}
@String{CONCUR15		= "{CONCUR '04}"}
@String{CONCUR15:year		= "2004"}
@String{CONCUR15:month		= sep}
@String{CONCUR15:vol		= "3170"}

@String{CSL94			= "{CSL '94}"}

@String{CW97			= "{CW '97}"}
@String{CW97:month		= jan}
@String{CW01			= "{CW '01}"}
@String{CW01:month		= jan}

@String{DAMP07                  = "{DAMP '07}"}
@String{DAMP07:month            = jan}
@String{DAMP08                  = "{DAMP '08}"}
@String{DAMP08:month            = jan}
@String{DAMP09                  = "{DAMP '09}"}
@String{DAMP09:month            = jan}
@String{DAMP11                  = "{DAMP '11}"}
@String{DAMP11:loc              = "Austin"}
@String{DAMP11:month            = jan}

@String{DAC09                   = "{DAC '09}"}

@String{DISC04			= "{DISC '04}"}
@String{DISC11			= "{DISC '11}"}

@String{ECOOP3			= "{ECOOP '89}"}
@String{ECOOP3:year		= "{1989}"}
@String{ECOOP4			= "{ECOOP '90}"}
@String{ECOOP4:year		= "{1990}"}
@String{ECOOP4:month		= oct}
@String{ECOOP5			= "{ECOOP '91}"}
@String{ECOOP5:year		= "{1991}"}
@String{ECOOP5:month		= jul}
@String{ECOOP6			= "{ECOOP '92}"}
@String{ECOOP6:year		= "{1992}"}
@String{ECOOP6:month		= jun}
@String{ECOOP9			= "{ECOOP '95}"}
@String{ECOOP9:year		= "{1995}"}
@String{ECOOP11			= "{ECOOP '97}"}
@String{ECOOP11:year		= "{1997}"}
@String{ECOOP12			= "{ECOOP '98}"}
@String{ECOOP12:year		= "{1998}"}
@String{ECOOP13			= "{ECOOP '99}"}
@String{ECOOP13:year		= "{1999}"}
@String{ECOOP14			= "{ECOOP '00}"}
@String{ECOOP14:year		= "{2000}"}
@String{ECOOP15			= "{ECOOP '01}"}
@String{ECOOP15:year		= "{2001}"}
@String{ECOOP15:month	= jun}
@String{ECOOP15:vol		= 2072}
@String{ECOOP16			= "{ECOOP '02}"}
@String{ECOOP16:year		= "{2002}"}
@String{ECOOP17			= "{ECOOP '03}"}
@String{ECOOP17:year		= "{2003}"}
@String{ECOOP17:month	= jul}
@String{ECOOP19			= "{ECOOP '05}"}
@String{ECOOP19:year		= "{2005}"}
@String{ECOOP19:month	= jul}

@String{ELW09                   = "{ELW '09}"}

@String{EUROFORTH01		= "{EuroForth} 2001"}
@String{EUROFORTH01:month	= nov}
@String{EUROFORTH01:loc		= "Schloss Dagstuhl, Germany"}

@String{EUROPAR97               = "{Euro-Par}'97"}
@String{EUROPAR97:year          = "{1997}"}
@String{EUROPAR01		= "{Euro-Par} '01"}

@String{EUROSYS07		= "{EuroSys} '07"}

@String{ESOP99			= "{ESOP '99}"}
@String{ESOP06			= "{ESOP '06}"}
@String{ESOP06:month		= mar}
@String{ESOP06:vol		= 3924}
@String{ESOP02			= "{ESOP '02}"}
@String{ESOP02:month		= apr}
@String{ESOP02:vol		= 2305}
@String{ESOP00			= "{ESOP '00}"}

@string{FGCS92                  = "{FGCS '92}"}

@string{FPCA81                  = "{FPCA '81}"}
@String{FPCA81:month            = oct}
@string{FPCA85                  = "{FPCA '85}"}
@String{FPCA85:month            = sep}
@string{FPCA87                  = "{FPCA '87}"}
@String{FPCA87:month            = sep}
@String{FPCA89			= "{FPCA '89}"}
@String{FPCA89:month		= sep}
@String{FPCA91			= "{FPCA '91}"}
@String{FPCA91:month            = aug}
@String{FPCA93			= "{FPCA '93}"}
@String{FPCA93:month		= jun}
@String{FPCA93:loc		= "Copenhagen, Denmark"}
@String{FPCA95			= "{FPCA '95}"}
@String{FPCA95:month            = jun}

@String{FOMPC3                  = "{FOMPC3}"}
@String{FoMPP5                  = "{FoMPP5}"}
@String{FoMPP5:year             = "{1995}"}
@String{FOOL3			= "{FOOL3}"}
@String{FOOL3:year		= "{1996}"}
@String{FOOL3:month		= jul}
@String{FOOL5			= "{FOOL5}"}
@String{FOOL5:year		= "{1998}"}
@String{FOOL5:month		= jan}
@String{FOOL11			= "{FOOL11}"}
@String{FOOL11:year		= "{2004}"}
@String{FOOL11:month		= jan}
@String{FOOLWOOD06		= "{FOOL/WOOD '06}"}
@String{FOOLWOOD06:month	= jan}

@String{GH07                    = "{GH} '07"}
@String{GH07:month		= aug}
@String{GH07:loc		= "San Diego, CA"}

@String{GWFP95                  = "{GWFP} '95"}
@String{GPCE05			= "{GPCE} '05"}
@String{GPCE05:volume		= "3676"}
@String{GPCE05:month		= "September--October"}

@String{GPGPU4                  = "{GPGPU-4}"}
@String{GPGPU4:loc              = "Newport Beach"}

@String{HASE05			= "{HASE} '05"}

@String{HASKELL04		= "{HASKELL '04}"}
@String{HASKELL04:month		= sep}
@String{HASKELL04:loc		= "Snowbird, Utah"}
@String{HASKELL05		= "{HASKELL '05}"}
@String{HASKELL05:month		= sep}
@String{HASKELL05:loc		= "Tallinn, Estonia"}
@String{HASKELL07		= "{HASKELL '07}"}
@String{HASKELL07:month		= sep}
@String{HASKELL07:loc		= "Freiburg, Germany"}
@String{HASKELL09		= "{HASKELL '09}"}
@String{HASKELL09:month		= sep}
@String{HASKELL09:loc		= "Edinburgh, Scotland"}
@String{HASKELL10		= "{HASKELL '10}"}
@String{HASKELL10:month		= sep}
@String{HASKELL10:loc		= "Baltimore, MD"}
@String{HASKELL12		= "{HASKELL '12}"}
@String{HASKELL12:month		= sep}
@String{HASKELL12:loc		= "Copenhagen, Denmark"}

@String{HICSS23			= "HICSS-23"}
@String{HICSS23:year		= 1990}
@String{HICSS23:month		= jan}

@String{HIPS99			= "{HIPS} '99"}
@String{HIPS04			= "{HIPS} '04"}

@String{HLCL98			= "{HLCL} '98"}
@String{HLCL98:volume		= 16}
@String{HLCL98:number		= 3}
@String{HLCL98:month		= sep}

@String{HOTOS01			= "{HotOS-VIII}"}
@String{HOTOS05			= "{HotOS-X}"}

@String{HOTPAR09                = "{HotPar '09}"}

@String{HPCA11			= "{HPCA '05}"}
@String{HPCA11:year		= 2005}
@String{HPCA11:month		= feb}

@String{ICALP03			= "{ICAPL '03}"}
@String{ICALP03:month		= "{jul}"}
@String{ICALP03:vol		= 2719}

@String{ICCS06			= "{ICCS '06}"}
@String{ICCS06:month		= may}

@String{ICFP96			= "{ICFP '96}"}
@String{ICFP96:month		= may}
@String{ICFP96:loc		= "Philadelphia, PA"}
@String{ICFP98			= "{ICFP '98}"}
@String{ICFP98:month		= sep}
@String{ICFP99			= "{ICFP '99}"}
@String{ICFP99:month		= sep}
@String{ICFP00			= "{ICFP '00}"}
@String{ICFP00:month		= sep}
@String{ICFP01			= "{ICFP '01}"}
@String{ICFP01:month		= sep}
@String{ICFP02			= "{ICFP '02}"}
@String{ICFP02:month		= oct}
@String{ICFP04			= "{ICFP '04}"}
@String{ICFP04:month		= sep}
@String{ICFP05			= "{ICFP '05}"}
@String{ICFP05:month		= sep}
@String{ICFP06			= "{ICFP '06}"}
@String{ICFP06:month		= sep}
@String{ICFP07			= "{ICFP '07}"}
@String{ICFP07:month		= oct}
@String{ICFP08			= "{ICFP '08}"}
@String{ICFP08:month		= sep}
@String{ICFP08:loc              = "Victoria, BC, Candada"}
@String{ICFP08:year		= {2008}}
@STRING{ICFP09			= "{ICFP '09}"}
@String{ICFP09:month		= "August--September"}
@String{ICFP09:loc              = "Edinburgh, Scotland, UK"}
@STRING{ICFP10			= "{ICFP '10}"}
@String{ICFP10:month		= "September"}
@String{ICFP10:loc              = "Baltimore, MD"}
@String{ICFP12                  = "{ICFP '12}"}
@String{ICFP12:year             = {2012}}
@String{ICFP12:month            = sep}
@String{ICFP12:loc              = "Copenhagen, Denmark"}
@String{ICFP13                  = "{ICFP '13}"}
@String{ICFP13:month            = sep}
@String{ICFP13:loc              = "Boston, MA"}
@String{ICFP14                  = "{ICFP '14}"}
@String{ICFP14:month            = sep}
@String{ICFP14:loc              = "Gothenburg, Sweden"}

@String{ICPP12                  = "{ICPP '12}"}
@String{ICPP12:month            = sep}
@String{ICPP12:year             = 2012}
@String{ICPP12:loc		= "Pittsburgh, PA"}

@STRING{ICSA98			= "{ICSA '09}"}
@String{ICSA98:month		= "June"}
@String{ICSA98:loc              = "Barcelona, Spain"}

@STRING{ICS87			= "{ICS '87}"}
@String{ICS87:month		= may}
@STRING{ICS08			= "{ICS '08}"}
@String{ICS08:month		= "June"}
@String{ICS08:loc              = "Barcelona, Spain"}

@String{IFL99			= "{IFL '99}"}
@String{IFL99:month		= sep}
@String{IFL99:loc		= "Lochem, The Netherlands"}
@String{IFL99:vol		= 1868}
@String{IFL03                   = "{IFL '03}"}
@String{IFL03:month             = sep}
@String{IFL03:loc               = "Edinburgh, UK"}
@String{IFL03:vol               = 3145}
@String{IFL09                   = "{IFL '09}"}
@String{IFL09:month             = sep}

@String{IPPS12			= "{IPPS}/{SPDP}'98"}
@String{IPPS12:year		= 1998}
@String{IPPS12:month		= mar}

@String{IPDPS08                 = "IPDPS '08"}
@String{IPDPS08:year            = 2008}

@String{ISMM00                  = "{ISMM '00}"}
@String{ISMM02                  = "{ISMM '02}"}
@String{ISMM10                  = "{ISMM '10}"}
@String{ISMM11					= "{ISMM '11}"}

@String{ISPASS09		= "{ISPASS '09}"}
@String{ISPASS09:month		= apr}
@String{ISPASS10		= "{ISPASS '10}"}
@String{ISPASS10:month		= apr}

@String{JAVA00                  = "{JAVA '00}"}
@String{JAVA00:year             = 2000}
@String{JAVA00:loc              = "San Francisco, CA"}

@String{JSSPP95                 = "{JSSPP '95}"}
@String{JSSPP95:month		= apr}
@String{JSSPP95:loc		= "Santa Barbara, CA"}
@String{JSSPP95:number		= "949"}
@String{JSSPP96                 = "{JSSPP '96}"}
@String{JSSPP96:month		= apr}
@String{JSSPP96:loc		= "Honolulu, HI"}
@String{JSSPP96:number		= "1162"}

@string{LISP80			= "{LFP '80}"}
@string{LISP80:month            = aug}
@string{LISP82			= "{LFP '82}"}
@String{LISP84			= "{LFP '84}"}
@String{LISP84:year		= "1984"}
@String{LISP84:month		= aug}
@String{LISP84:loc		= "Austin, TX"}
@String{LISP86			= "{LFP '86}"}
@String{LISP88			= "{LFP '88}"}
@string{LISP88:month		= jul}
@string{LISP88:loc		= "{Snowbird, Utah}"}
@String{LISP90			= "{LFP '90}"}
@string{LISP90:month            = jun}
@String{LISP92			= "{LFP '92}"}
@String{LISP92:month		= jun}
@String{LISP94			= "{LFP '94}"}
@string{LISP94:month		= jun}

@String{MFPS95			= "{MFPS '95}"}

@string{ML91			= "{ML '91}"}
@string{ML92			= "{ML '92}"}
@string{ML94			= "{ML '94}"}
@string{ML98			= "{ML '98}"}
@string{ML06			= "{ML '06}"}
@string{ML06:month		= sep}
@string{ML07			= "{ML '07}"}
@string{ML07:month		= oct}
@string{ML08			= "{ML '08}"}
@string{ML08:month		= sep}

@String{MSPC11                  = "{MSPC} 2011"}
@String{MSPC11:month            = jun}
@String{MSPC11:loc              = "{San} {Jos\'{e}}, {CA}"}

@String{OOPSLA87		= "{OOPSLA '87}"}
@String{OOPSLA87:month		= oct}
@String{OOPSLA95		= "{OOPSLA '95}"}
@String{OOPSLA95:month		= oct}
@String{OOPSLA96		= "{OOPSLA '96}"}
@String{OOPSLA96:month		= oct}
@String{OOPSLA97		= "{OOPSLA '97}"}
@String{OOPSLA97:month		= oct}
@String{OOPSLA98		= "{OOPSLA '98}"}
@String{OOPSLA98:month		= oct}
@String{OOPSLA99		= "{OOPSLA '99}"}
@String{OOPSLA99:month		= nov}
@String{OOPSLA01		= "{OOPSLA '01}"}
@String{OOPSLA01:month		= oct}
@String{OOPSLA01:pub		= ACM:pub}
@String{OOPSLA01:addr		= ACM:addr}
@String{OOPSLA01:loc		= "Tampa Bay, FL, USA"}
@String{OOPSLA03		= "{OOPSLA '03}"}
@String{OOPSLA03:month		= oct}
@String{OOPSLA03:pub		= ACM:pub}
@String{OOPSLA03:addr		= ACM:addr}
@String{OOPSLA09		= "{OOPSLA '09}"}
@String{OOPSLA09:month		= oct}
@String{OOPSLA09:pub		= ACM:pub}
@String{OOPSLA09:addr		= ACM:addr}
@String{OOPSLA10		= "{OOPSLA '10}"}

@String{OSDI2			= "{OSDI '94}"}
@String{OSDI2:year		= 1996}
@String{OSDI2:month		= oct}
@String{OSDI2:loc		= "Seattle, WA"}
@String{OSDI6			= "{OSDI '04}"}
@String{OSDI6:year		= 2004}
@String{OSDI6:month		= dec}
@String{OSDI6:loc		= "San Francisco, CA"}

@String{PACT13			= "{PACT '04}"}
@String{PACT13:year		= 2004}
@String{PACT13:month		= oct}
@String{PACT16			= "{PACT '07}"}
@String{PACT16:year		= 2007}
@String{PACT16:month		= sep}

@String{PADL07                  = "{PADL '07}"}
@String{PADL07:month            = jan}
@String{PADL07:vol              = 4354}

@String{pAs97			= "{pAs} '97"}

@String{PEPM95			= "{PEPM '95}"}
@String{PEPM95:month		= jun}
@String{PEPM97			= "{PEPM '97}"}
@String{PEPM97:month		= jun}
@String{PEPM03			= "{PEPM '03}"}
@String{PEPM03:month		= jun}

@String{PLDI88			= "{PLDI '88}"}
@String{PLDI88:month		= jun}
@String{PLDI91			= "{PLDI '91}"}
@String{PLDI91:month		= jun}
@String{PLDI92			= "{PLDI '92}"}
@String{PLDI92:month		= jun}
@String{PLDI93			= "{PLDI '93}"}
@String{PLDI93:month		= jun}
@String{PLDI96			= "{PLDI '96}"}
@String{PLDI96:month		= may}
@String{PLDI97			= "{PLDI '97}"}
@String{PLDI98			= "{PLDI '98}"}
@String{PLDI98:month		= jun}
@String{PLDI99			= "{PLDI '99}"}
@String{PLDI99:month		= may}
@String{PLDI00			= "{PLDI '00}"}
@String{PLDI00:month		= jun}
@String{PLDI01			= "{PLDI '01}"}
@String{PLDI01:month		= jun}
@String{PLDI04			= "{PLDI '04}"}
@String{PLDI04:month		= jun}
@String{PLDI05			= "{PLDI '05}"}
@String{PLDI05:loc		= "{Chicago, IL}"}
@String{PLDI05:month		= jun}
@String{PLDI06			= "{PLDI '06}"}
@String{PLDI06:loc		= "{Ottawa, Canada}"}
@string{PLDI07	                = "{PLDI '07}"}
@String{PLDI07:month		= jun}
@String{PLDI07:loc		= "San Diego, CA"}
@string{PLDI08	                = "{PLDI '08}"}
@String{PLDI08:month		= jun}
@String{PLDI08:loc		= "San Diego, CA"}

@String{PLILP91			= "{PLIP '91}"}
@String{PLILP91:month		= aug}
@String{PLILP91:vol		= 528}

@String{PODC82			= "{PODC '82}"}
@String{PODC95			= "{PODC '95}"}
@String{PODC96			= "{PODC '96}"}
@String{PODC96:month		= may}
@String{PODC96:loc		= "{Philadelphia, PA}"}

@String{POPL11			= "{POPL '84}"}
@String{POPL11:year		= "1984"}
@String{POPL15			= "{POPL '88}"}
@String{POPL15:year		= "1988"}
@String{POPL16			= "{POPL '89}"}
@String{POPL16:year		= "1989"}
@String{POPL17			= "{POPL '90}"}
@String{POPL17:year		= "1990"}
@String{POPL18			= "{POPL '91}"}
@String{POPL18:year		= "1991"}
@String{POPL19			= "{POPL '92}"}
@String{POPL19:year		= "1992"}
@String{POPL19:loc              = "Albuquerque"}
@String{POPL20			= "{POPL '93}"}
@String{POPL20:year		= "1993"}
@String{POPL21			= "{POPL '94}"}
@String{POPL21:year		= "1994"}
@String{POPL22			= "{POPL '95}"}
@String{POPL22:year		= "1995"}
@String{POPL22:loc              = "San Francisco"}
@String{POPL23			= "{POPL '96}"}
@String{POPL23:year		= "1996"}
@String{POPL24			= "{POPL '97}"}
@String{POPL24:year		= "1997"}
@String{POPL25			= "{POPL '98}"}
@String{POPL25:year		= "1998"}
@String{POPL26                  = "{POPL '99}"}
@String{POPL26:year             = "1999"}
@String{POPL26:loc              = "San Antonio"}
@String{POPL27                  = "{POPL '00}"}
@String{POPL27:year             = "2000"}
@String{POPL27:loc              = "Boston"}
@String{POPL28			= "{POPL '01}"}
@String{POPL28:year		= "2001"}
@String{POPL30			= "{POPL '03}"}
@String{POPL30:year		= "2003"}
@String{POPL32			= "{POPL '05}"}
@String{POPL32:year		= "2005"}
@String{POPL33			= "{POPL '06}"}
@String{POPL33:year		= "2006"}
@String{POPL34			= "{POPL '07}"}
@String{POPL34:month            = jan}
@String{POPL34:year		= "2007"}
@String{POPL35			= "{POPL '08}"}
@String{POPL35:month            = jan}
@String{POPL35:year		= "2008"}
@String{POPL37			= "{POPL '08}"}
@String{POPL37:year		= "2010"}
@String{POPL37:loc		= "Madrid"}
@String{POPL38			= "{POPL '11}"}
@String{POPL38:year		= "2011"}
@String{POPL38:loc		= "Austin, TX"}

@String{PPDP99			= "{PPDP '99}"}
@String{PPDP99:month		= sep}
@String{PPDP04			= "{PPDP '04}"}

@string{PPoPP91			= "{PPoPP '91}"}
@string{PPoPP93			= "{PPoPP '93}"}
@string{PPoPP93:month		= may}
@string{PPoPP93:loc		= "San Diego, CA"}
@string{PPoPP95			= "{PPoPP '95}"}
@string{PPoPP95:month		= jul}
@String{PPoPP95:loc		= "Santa Barbara, CA"}
@string{PPoPP05			= "{PPoPP '05}"}
@string{PPoPP05:month		= jun}
@string{PPoPP06			= "{PPoPP '06}"}
@string{PPoPP06:month		= mar}
@string{PPoPP07			= "{PPoPP '07}"}
@string{PPoPP07:month		= mar}
@string{PPoPP07			= "{PPoPP '07}"}
@string{PPoPP07:month		= feb}
@string{PPoPP08			= "{PPoPP '08}"}
@string{PPoPP08:loc		= "Salt Lake City, UT"}
@string{PPoPP08:month		= feb}
@string{PPoPP09			= "{PPoPP '09}"}
@string{PPoPP09:month		= feb}
@string{PPoPP09:loc		= "Raleigh, NC"}
@string{PPoPP10			= "{PPoPP '10}"}
@string{PPoPP10:month		= jan}
@string{PPoPP10:loc		= "Bangalore, India"}
@string{PPoPP11			= "{PPoPP '11}"}
@string{PPoPP11:month		= feb}
@string{PPoPP11:loc		= "San Antonio, TX"}
@string{PPoPP12			= "{PPoPP '12}"}
@string{PPoPP12:month		= feb}
@string{PPoPP12:loc		= "New Orleans, LA"}
@string{PPoPP13			= "{PPoPP '13}"}
@string{PPoPP13:month		= feb}
@string{PPoPP13:loc		= "Shenzhen, China"}

@string{RTS02			= "{RTS '02}"}
@string{RTS02:month		= mar}
@string{RTS02:loc		= "Paris, France"}

@string{SAC95			= "{SAC '95}"}

@string{SAS97                  = "{SAS '97}"}

@string{SC09                   = "{SC '09}"}
@string{SC09:year              = "2009"}
@string{SC09:loc               = "Portland, OR"}

@String{SIGGRAPH85		= "{SIGGRAPH '85}"}
@String{SIGGRAPH04		= "{SIGGRAPH '04}"}

@String{SIGOPSR                 = "{SIGOPS} Review"}

@string{SIGPLAN                 = "{SIGPLAN} Not."}
@string{SIGPLAN85		= "{SIGPLAN '85}"}
@string{SIGPLAN86		= "{SIGPLAN '86}"}

@string{SOSP11			= "{SOSP '87}"}
@String{SOSP11:year		= "1987"}
@String{SOSP11:month		= nov}
@string{SOSP14			= "{SOSP '93}"}
@String{SOSP14:year		= "1993"}
@String{SOSP14:month		= dec}
@string{SOSP19			= "{SOSP '03}"}
@string{SOSP19:year		= "2003"}
@string{SOSP19:month		= dec}
@string{SOSP22			= "{SOSP '09}"}
@string{SOSP22:year		= "2009"}
@string{SOSP22:month		= dec}

@string{SPAA96                  = "{SPAA '96}"}
@string{SPAA96:year             = "1996"}
@string{SPAA98                  = "{SPAA '98}"}
@string{SPAA98:year             = "1998"}
@string{SPAA00                  = "{SPAA '00}"}
@string{SPAA00:year             = "2000"}
@string{SPAA04                  = "{SPAA '04}"}
@string{SPAA04:year             = "2004"}
@string{SPAA05                  = "{SPAA '05}"}
@string{SPAA05:year             = "2005"}
@string{SPAA05:loc              = "Los Vegas, NV"}
@string{SPAA08                  = "{SPAA '08}"}
@string{SPAA08:month            = jun}
@string{SPAA08:year             = "2008"}
@string{SPAA12                  = "{SPAA '12}"}
@string{SPAA12:month            = jun}
@string{SPAA12:year             = "2012"}

@string{STMCS01                 = "{STMCS '06}"}
@string{STMCS01:year            = 2006}

@string{STOC12                  = "{STOC '93}"}
@string{STOC12:year             = 1993}

@string{SUPER93                 = "Supercomputing '93"}
@string{SUPER93:year            = "1993"}
@string{SUPER:loc               = "Portland, {OR}"}

@String{USENIX-TCL4		= "{TCL '96}"}
@String{USENIX-TCL4:year	= 1996}
@String{USENIX-TCL4:month	= jul}

@String{VMCAI10   		= "{VMCAI '10}"}

@String{VIZ97			= "{VIZ '97}"}
@String{VIZ97:month		= oct}
@String{VIZ97:loc		= "Phoenix, AZ"}

@String{WOOD03			= "{WOOD '03}"}

@String{WOTUG20			= "{WoTUG20}"}
@String{WOTUG20:year		= 1997}
@String{WOTUG20:month		= apr}

@String{WRLA98			= "{WRLA '98}"}
@String{WRLA98:vol		= 15 }
@String{WRLA98:month		= sep }

@String{X10-11			= "{X10} '11"}
@String{X10-11:month		= may}
@String{X10-11:loc		= "San Jose, CA"}
