%
% publisher names and addresses
%
@String{academic-press:pub	= "Academic Press, Inc."}
@String{academic-press:addr	= "London, UK"}
@String{ACM:pub			= "ACM"}
@String{ACM:addr		= "New York, NY"}
@String{acm-press:pub           = "{ACM} Press"}
@String{addison-wesley:pub	= "Addison-Wesley"}
@String{addison-wesley:addr	= "Reading, MA"}
@String{CUP:pub			= "Cambridge University Press"}
@String{CUP:addr		= "Cambridge, England"}
@String{Elsevier:pub		= "Elsevier Science Publishers"}
@String{Elsevier:addr		= "New York, NY"}
@String{Eurographics:pub        = "Eurographics Association"}
@String{Eurographics:addr       = "Aire-la-Ville, Switzerland"}
@String{IEEE-PRESS:pub		= "{IEEE} Computer Society Press"}
@String{IEEE-PRESS:addr		= "Los Alamitos, CA"}
@String{Kluwer:pub		= "Kluwer Academic Publishers"}
@String{Kluwer:addr		= "Boston, MA"}
@String{microsoft:pub		= "Microsoft Press"}
@String{microsoft:addr		= "Redmond, WA"}
@String{mit-press:pub		= "The {MIT} Press"}
@String{mit-press:addr		= "Cambridge, MA"}
@String{mk:pub			= "Morgan Kaufmann Publishers"}
@String{mk:addr			= "New York, NY"}
@String{NorthHolland:pub        = "North-Holland"}
@String{NorthHolland:addr	= "New York, NY"}
@String{OREILLY:pub		= "O'Reilly \& Associates"}
@String{OREILLY:addr		= "Sebastopol, CA"}
@String{permagon:pub		= "Permagon Press, Inc."}
@String{permagon:addr		= "Tarrytown, NY"}
@String{prentice-hall:pub	= "Prentice Hall"}
@String{prentice-hall:addr	= "Englewood Cliffs, NJ"}
@String{sage:pub                = "Sage Publications, Inc."}
@String{sage:addr               = "Thousand Oaks, CA"}
@String{springer:pub		= "Springer-Verlag"}
@String{springer:addr		= "New York, NY"}
@String{springer:pub-addr	= "Springer-Verlag, New York, NY"}
@String{UofCPress:pub		= "University of Chicago Press"}
@String{UofCPress:addr		= "Chicago, IL"}
@String{USENIX:pub              = "{USENIX} Association"}
@String{USENIX:addr             = "Berkeley, CA"}
@String{wiley:pub		= "John Wiley \& Sons"}
@String{wiley:addr		= "New York, NY"}

%
% Research labs and departments
%
@string{ATT-BELL-LABS		= "AT\&T Bell Laboratories"}
@string{CMU-CS-DEPT		= "Computer Science Department, Carnegie
					Mellon University"}
@String{CMU-CS:name		= "School of Computer Science, Carnegie Mellon University"}
@String{CMU-CS:addr		= "Pittsburgh, PA"}
@String{cornell-cs		= "Department of Computer Science, Cornell University"}
@String{cornell-cs:addr		= "Ithaca, NY"}
@String{DEC-SRC:name		= "Digital System Research Center"}
@String{DEC-SRC:addr		= "Palo Alto, CA"}
@String{EPFL			= "{\'{E}}cole {Polytechnique} {F{\'{e}}d{\'{e}}rale} de {Lausanne} ({EPFL})"}
@String{EPFL:addr		= "{Lausanne}, {Switzerland}"}
@String{MCGILL-CS		= "McGill University, School of Computer Science"}
@String{MCGILL-CS:addr		= "Montr{\'{e}}al, Canada"}
@String{mit                     = "Massachusetts Institute of Technology"}
@String{mit-lcs                 = "MIT Laboratory for Computer Science"}
@string{MSR			= "Microsoft Research"}
@string{PRINCETON-CS		= "Department of Computer Science, Princeton University"}
@string{RICE-CS			= "Department of Computer Science, Rice University"}
@string{STANFORD-CS		= "Department of Computer Science,
					Stanford University"}
@string{STANFORD-CSL		= "Computer Systems Laboratory, Stanford University"}
@string{UWASH-CS		= "Department of Computer Science,
					University of Washington"}
@String{UWISC-CS		= "Computer Sciences Department,
					University of Wisconsin at Madison"}
@String{UWISC-CS:addr		= "Madison, WI"}
@string{UCB-CS			= "Computer Science Division (EECS),
					University of California, Berkeley"}
@String{uchicago:name		= "Department of Computer Science, University of Chicago"}
@String{uchicago:addr		= "Chicago, IL"}
@String{UIUC-CS                 = "Computer Science Deptartment, University of Illinois at Urbana-Champaign"}
@String{UIUC-CS:addr            = "Urbana, IL"}
@string{UTAH-CS			= "Department of Computer Science, University of Utah"}
@string{XEROX-PARC		= "{Xerox PARC}"}
@string{YALE-CS			= "Department of Computer Science, Yale University"}
@string{YALE-CS:addr		= "New Haven, CT"}

%
% Journals and series
%
@String{CACM			= "Communications of the {ACM}"}
@String{CL                      = "Computer Languages"}
@String{Computer		= "{IEEE} Computer"}
@String{HOSC			= "Higher-order and Symbolic Computation"}
@String{ENTCS			= "Electronic Notes in Theoretical Computer Science"}
@String{IC                      = "Information and Computation"}
@string{IEEE-COMPUTER		= "{IEEE} Computer"}
@string{IEEE-SOFTWARE		= "IEEE Transactions on Software Engineering"}
@string{IEEE-PARALLEL		= "IEEE Transactions on Parallel and Distributed Systems"}
@String{IPL                     = "Information Processing Letters"}
@String{IHPC                    = "International Journal of High Performance Computing Applications"}
@String{IJPP			= "International Journal of Parallel Programming"}
@String{JACM			= "Journal of the {ACM}"}
@string{JCSS			= "Journal of Computer and System Sciences"}
@String{JFP			= "Journal of Functional Programming"}
@String{JSC			= "Journal of Symbolic Computation"}
@String{JPDC			= "Journal of Parallel and Distributed Computing"}
@String{JPE			= "Journal of Political Economy"}
@STRING{LNCS			= "Lecture Notes in Computer Science"}
@String{LASC			= "Lisp and Symbolic Computation"}
@String{MICRO			= "{IEEE} Micro"}
@String{MSCS			= "Mathematical Structures in Computer Science"}
@String{NGC                     = "New Generation Computing"}
@String{PLAS			= "Programming Languages and Systems"}
@string{SIAMJC                  = "{SIAM} Journal on Computing"}
@string{SIGPLAN			= "{SIGPLAN} Notices"}
@string{SPE			= "Software -- Practice and Experience"}
@string{SURVEYS			= "{ACM} Computing Surveys"}
@String{TAPOS			= "Theory and Practice of Object Systems"}
@String{TCS                     = "Theoretical Computer Science"}
@String{TOCS			= "{ACM} Transactions on Computer Systems"}
@String{TOG			= "{ACM} Transactions on Graphics"}
@String{TOMS			= "{ACM} Transactions on Mathematical Software"}
@String{TOPLAS			= "{ACM} Transactions on Programming Languages and Systems"}
@String{SCP                     = "Science of Computer Programming"}

%
% Conferences and workshops
%
@String{AAAI88			= "Proceedings of the 1988 National Conference on Artificial
					Intelligence {AAAI '88}"}
@String{AAAI88:month		= aug}

@String{APLAS08                 = "Proceedings of the 6th Asian Symposium on Programming
                                        Languages and Systems"}
@String{APLAS08:month           = dec}
@String{APLAS08:loc             = {Bangalore, India}}

@String{ASP-DAC12		= "Proceedings of the 12th Asia and South
					Pacific Design Automation Conference
					({ASP-DAC '07})"}
@String{ASP-DAC12:year		= 2007}
@String{ASP-DAC12:month		= jan}
@String{ASPLOS91		= "Proceedings of the fourth international conference
                                      on Architectural support for programming languages and
                                      operating systems ({ASPLOS '91})"}
@String{ASPLOS91:year		= 1991}
@String{ASPLOS09		= "Proceeding of the 14th international conference on Architectural
					support for programming languages
					and operating systems ({ASPLOS '09})"}
@String{ASPLOS09:month		= mar}
@String{ASPLOS09:loc		= "Washington, DC"}
@String{ASPLOS10		= "Proceedings of the Fourth international conference
                                      on Architectural support for programming languages and
                                      operating systems ({ASPLOS '10})"}
@String{ASPLOS10:year		= 2010}


@String{BABEL01			= "Proceedings of the First International
					 Workshop on Multi-Language Infrastructure
					 and Interoperability (BABEL '01)"}

@String{BABEL01:month		= sep }


@String{CC4			= "Fourth International Conference on
					Compiler Construction"}
@String{CC4:year		= 1992}
@String{CC4:month		= oct}
@String{CC5			= "Fifth International Conference on
					Compiler Construction"}
@String{CC5:year		= 1994}
@String{CC5:month		= apr}

@String{CCS4			= "Fourth ACM Conference on Computer and
					Communications Security"}
@String{CCS4:year		= 1997}
@String{CCS4:month		= apr}

@String{CEFP09                  = "Central European Functional Programming School"}
@String{CEFP09:editor           = "Zoltan Horv\'ath"}

@String{CF04			= "Proceedings of the 1st Conference on Computing Frontiers ({CF} '04)"}
@String{CF04:month		= apr}
@String{CF04:loc		= "Ischia, Italy"}
@String{CF08                    = "Proceedings of the 5th Conference on Computing Frontiers ({CF} '08)"}
@String{CF08:month		= may}
@String{CF08:loc		= "Ischia, Italy"}

@string{CONCUR4			= "CONCUR '93 --- 4th International
					Conference on Concurrency Theory"}
@String{CONCUR4:year		= "1993"}
@String{CONCUR15		= "CONCUR '04 --- 15th International
					Conference on Concurrency Theory"}
@String{CONCUR15:year		= "2004"}
@String{CONCUR15:month		= sep}
@String{CONCUR15:vol		= "3170"}

@String{CSL94			= "Proceedings of the 1994 International Conference
					on Computer Science Logic"}

@String{CW97			= "Proceedings of the Second {ACM} {SIGPLAN}
					Workshop on Continuations ({CW} '97)"}
@String{CW97:month		= jan}
@String{CW01			= "Proceedings of the Third {ACM} {SIGPLAN}
					Workshop on Continuations ({CW} '01)"}
@String{CW01:month		= jan}

@String{DAMP07                  = "Proceedings of the {ACM} {SIGPLAN}
                                        Workshop on Declarative Aspects of Multicore Programming"}
@String{DAMP07:month            = jan}
@String{DAMP08                  = "Proceedings of the {ACM} {SIGPLAN}
                                        Workshop on Declarative Aspects of Multicore Programming"}
@String{DAMP08:month            = jan}
@String{DAMP09                  = "Proceedings of the {ACM} {SIGPLAN}
                                        Workshop on Declarative Aspects of Multicore Programming"}
@String{DAMP09:month            = jan}
@String{DAMP11                  = "Proceedings of the {ACM} {SIGPLAN}
                                        Workshop on Declarative Aspects of Multicore Programming"}
@String{DAMP11:month            = jan}
@String{DAMP11:loc		= {Austin, Texas, USA}}

@String{DAC09                   = "Proceedings of the 46th Annual Design Automation Conference"}

@String{DISC04                 = "Proceedings of the 18th International Distributed Computing Conference"}
@String{DISC11                 = "Proceedings of the 25th International Distributed Computing Conference"}

@String{ECOOP3			= "Proceedings of the Third European Conference
					on Object-oriented Programming"}
@String{ECOOP3:year		= "1989"}

@String{ECOOP4			= "Proceedings of the Joint Conference on Object-oriented
					Programming: Systems, Languages, and Applications,
					and the European Conference
					on Object-oriented Programming"}
@String{ECOOP4:year		= "1990"}
@String{ECOOP4:month		= oct}
@String{ECOOP5			= "Proceedings of the Fifth European Conference
					on Object-oriented Programming"}
@String{ECOOP5:year		= "1991"}
@String{ECOOP5:month		= jul}
@String{ECOOP6			= "Proceedings of the Sixth European Conference
					on Object-oriented Programming"}
@String{ECOOP6:year		= "1992"}
@String{ECOOP6:month		= jun}
@String{ECOOP9			= "Proceedings of the Ninth European Conference
					on Object-Oriented Programming"}
@String{ECOOP9:year		= "1995"}
@String{ECOOP11			= "Proceedings of the 11th European Conference
					on Object-oriented Programming"}
@String{ECOOP11:year		= "1997"}
@String{ECOOP12			= "Proceedings of the 12th European Conference
					on Object-oriented Programming"}
@String{ECOOP12:year		= "1998"}
@String{ECOOP12:month		= jul}
@String{ECOOP13			= "Proceedings of the 13th European Conference
					on Object-oriented Programming"}
@String{ECOOP13:year		= "1999"}
@String{ECOOP14			= "Proceedings of the 14th European Conference
					on Object-oriented Programming (ECOOP '00)"}
@String{ECOOP14:year		= "2000"}
@String{ECOOP15			= "Proceedings of the 15th European Conference
					on Object-Oriented Programming (ECOOP '01)"}
@String{ECOOP15:year		= "2001"}
@String{ECOOP15:month		= jun}
@String{ECOOP16			= "Proceedings of the 16th European Conference
					on Object-Oriented Programming (ECOOP '02)"}
@String{ECOOP16:year		= "2002"}
@String{ECOOP17			= "Proceedings of the 17th European Conference
					on Object-Oriented Programming (ECOOP '03)"}
@String{ECOOP17:year		= "2003"}
@String{ECOOP17:month		= jul}
@String{ECOOP19			= "Proceedings of the 19th European Conference
					on Object-Oriented Programming (ECOOP '05)"}
@String{ECOOP19:year		= "2005"}
@String{ECOOP19:month		= jul}

@String{ELW09                   = "Proceedings of the 6th European Lisp Workshop"}

@String{EUROFORTH01		= "17th {EuroForth} Conference ({EuroForth} 2001)"}
@String{EUROFORTH01:month	= nov}
@String{EUROFORTH01:loc		= "Schloss Dagstuhl, Germany"}

@String{EUROPAR97               = "Proceedings of the 3rd European Conference
                                        on Parallel Processing (Euro-Par'97)"}
@String{EUROPAR97:year          = "1997"}
@String{EUROPAR01		= "Proceedings of the 7th International {Euro-Par}
					Conference on Parallel Computing"}
@String{EUROSYS07		= "Proceedings of the 2nd {ACM} {SIGOPS}/{EuroSys} European Conference on Computer Systems 2007"}
@String{ESOP94			= "Proceedings of the 5th European Symposium on Programming"}
@String{ESOP99			= "Proceedings of the 8th European Symposium on Programming"}
@String{ESOP00			= "Proceedings of the 9th European Symposium on Programming Languages and Systems"}
@String{ESOP02			= "Proceedings of the 11th European Symposium on
					Programming (ESOP 2002)"}
@String{ESOP02:month		= apr}
@String{ESOP02:vol		= 2305}
@String{ESOP06			= "Proceedings of the 15th European Symposium on
					Programming (ESOP 2006)"}
@String{ESOP06:month		= mar}
@String{ESOP06:vol		= 3924}
@string{FGCS92                  = "Selected Papers of the International Conference on Fifth Generation Computer Systems (FGCS '92)"}
@string{FPCA81                  = "Functional Programming Languages and
                                        Computer Architecture (FPCA '81)"}
@String{FPCA81:month            = oct}
@string{FPCA85                  = "Functional Programming Languages and
                                        Computer Architecture (FPCA '85)"}
@String{FPCA85:month            = sep}
@string{FPCA87                  = "Functional Programming Languages and
                                        Computer Architecture (FPCA '87)"}
@String{FPCA87:month            = sep}
@string{FPCA89			= "Functional Programming Languages and
					Computer Architecture (FPCA '89)"}
@String{FPCA89:month		= sep}
@string{FPCA91                  = "Functional Programming Languages and
                                        Computer Architecture (FPCA '91)"}
@String{FPCA91:month            = aug}
@string{FPCA93                  = "Functional Programming Languages and
                                        Computer Architecture (FPCA '93)"}
@String{FPCA93:month            = jun}
@String{FPCA93:loc		= "Copenhagen, Denmark"}
@string{FPCA95                  = "Functional Programming Languages and
                                        Computer Architecture (FPCA '95)"}
@String{FPCA95:month            = jun}

@String{FOMPC3                  = "Proceedings of the 3rd Symposium on the Frontiers of Massively Parallel Computation"}

@String{FoMPP5                  = "Proceedings of the 5th Symposium on the Frontiers of Massively Parallel Processing"}
@String{FoMPP5:year             = "1995"}

@String{FOOL3			= "Proceedings of the Third Workshop on Foundations of
					Object-oriented Programming"}
@String{FOOL3:year		= "1996"}
@String{FOOL3:month		= jul}
@String{FOOL5			= "Proceedings of the Fifth Workshop on Foundations of
					Object-oriented Programming"}
@String{FOOL5:year		= "1998"}
@String{FOOL5:month		= jan}
@String{FOOL11			= "Proceedings of the 11th Workshop on Foundations of
					Object-oriented Programming"}
@String{FOOL11:year		= "2004"}
@String{FOOL11:month		= jan}

@String{FOOLWOOD06               = "International Workshop on
                                        Foundations and Developments
                                        of Object-Oriented Languages"}
@String{FOOLWOOD06:month	= jan}

@String{GH07                    = "Proceedings of the 22nd ACM SIGGRAPH/EUROGRAPHICS symposium on Graphics hardware"}

@String{GWFP95                  = "Proceedings of the Glasgow Workshop on Functional Programming"}
@String{GPCE05			= "Proceedings of the Fourth International Conference on
					Generative Programming and Component
					Engineering ({GPCE} '05)"}
@String{GPCE05:volume		= "3676"}
@String{GPCE05:month		= "September--October"}

@String{GPGPU4                  = "Proceedings of the Fourth Workshop on General Purpose
					Processing on Graphics Processing Units ({GPGPU-4})"}
@String{GPGPU4:loc              = "Newport Beach, CA"}

@String{HASE05			= "{HASE} 2005: High Assurance Systems Engineering Conference"}

@String{HASKELL04		= "Proceedings of the 2004 Haskell Workshop"}
@String{HASKELL04:month		= sep}
@String{HASKELL04:loc		= "Snowbird, Utah"}

@String{HASKELL05		= "Proceedings of the 2005 Haskell Workshop"}
@String{HASKELL05:month		= sep}
@String{HASKELL05:loc		= {Tallinn, Estonia}}

@String{HASKELL07               = "Proceedings of the 2007 Haskell Workshop"}
@String{HASKELL07:month		= sep}
@String{HASKELL07:loc		= "Freiburg, Germany"}

@String{HASKELL09               = "Proceedings of the 2009 Haskell Workshop"}
@String{HASKELL09:month		= sep}
@String{HASKELL09:loc		= "Edinburgh, Scotland"}
@String{HASKELL10               = "Proceedings of the 2010 Haskell Workshop"}

@String{HASKELL10		= "Proceedings of the 2010 {ACM} {SIGPLAN} Symposium
					on {Haskell} ({HASKELL '10})"}
@String{HASKELL10:month		= sep}
@String{HASKELL10:loc		= "Baltimore, MD"}

@String{HASKELL12		= "Proceedings of the 2012 {ACM} {SIGPLAN} Symposium
					on {Haskell} ({HASKELL '12})"}
@String{HASKELL12:month		= sep}
@String{HASKELL12:loc		= "Copenhagen, Denmark"}

@String{HICSS23			= "Proceedings of the Twenty-Third Annual {Hawaii}
					International Conference on System
					Sciences (HICSS-23)"}
@String{HICSS23:year		= 1990}
@String{HICSS23:month		= jan}

@String{HIPS99			= "Proceedings of the Fourth International
					Workshop on High-Level Parallel Programming Models
					and Supportive Environments ({HIPS} '99)"}
@String{HIPS04			= "Proceedings of the Ninth International Workshop on High-Level
					Parallel Programming Models and Supportive
					Environments ({HIPS} '04)"}

@String{HLCL98			= "Proceedings of the Third International Workshop
					on High-Level Concurrent Languages ({HLCL} '98)"}
@String{HLCL98:volume		= 16}
@String{HLCL98:number		= 3}
@String{HLCL98:month		= sep}

@String{HOTOS01			= "Proceedings of the Eighth {IEEE} Workshop on Hot Topics in
					Operating Systems ({HotOS-VIII})"}
@String{HOTOS05			= "Proceedings of the Twelfth {IEEE} Workshop on Hot Topics in
					Operating Systems ({HotOS-XII})"}
@String{HOTPAR09                = "Proceedings of the First {USENIX} conference on Hot Topics in Parallelism"}
@String{HPCA11			= "Proceedings of the 11th International Symposium
					on High-Performance Computer Architecture ({HPCA '05})"}
@String{HPCA11:year		= 2005}
@String{HPCA11:month		= feb}

@String{ICCL92			= "Proceedings of the 1992 International Conference on
					Computer Languages"}
@String{ICCL92:month		= "apr"}
@String{ICCL92:loc		= "Oakland, CA"}

@String{ICCS06			= "International Conference on Computational Science ({ICCS} '06)"}
@String{ICCS06:month		= may}

@String{ICFP96			= "Proceedings of the 1996 {ACM} {SIGPLAN}
					International Conference on Functional
					Programming {ICFP '96}"}
@String{ICFP96:month		= may}
@String{ICFP97			= "Proceedings of the 1997 {ACM} {SIGPLAN}
					International Conference on Functional
					Programming {ICFP '97}"}
@String{ICFP97:month		= jun}
@String{ICFP98			= "Proceedings of the Third {ACM} {SIGPLAN} International
					Conference on Functional Programming {ICFP '98}"}
@String{ICFP98:month		= sep}
@String{ICFP99			= "Proceedings of the Fourth {ACM} {SIGPLAN} International
					Conference on Functional Programming {ICFP '99}"}
@String{ICFP99:month		= sep}
@String{ICFP00			= "Proceedings of the Fifth {ACM} {SIGPLAN}
					International Conference on Functional
					Programming {ICFP '00}"}
@String{ICFP00:month		= sep}
@String{ICFP01			= "Proceedings of the Sixth {ACM} {SIGPLAN}
					International Conference on Functional
					Programming {ICFP '01}"}
@String{ICFP01:month		= sep}
@String{ICFP02			= "Proceedings of the Seventh {ACM} {SIGPLAN} International
					Conference on Functional Programming {ICFP '02}"}
@String{ICFP02:month		= oct}
@String{ICFP04			= "Proceedings of the 9th {ACM} {SIGPLAN}
					International Conference on Functional
					Programming {ICFP '04}"}
@String{ICFP04:month		= sep}
@String{ICFP05			= "Proceedings of the 10th {ACM} {SIGPLAN}
					International Conference on Functional
					Programming {ICFP '05}"}
@String{ICFP05:month		= sep}
@String{ICFP06			= "Proceedings of the 11th {ACM} {SIGPLAN}
					International Conference on Functional
					Programming {ICFP '06}"}
@String{ICFP06:month		= sep}
@String{ICFP07			= "Proceedings of the 12th {ACM} {SIGPLAN}
					International Conference on Functional
					Programming {ICFP '07}"}
@String{ICFP07:month		= oct}
@String{ICFP08:year		= {2008}}
@String{ICFP08			= "Proceedings of the 13th {ACM} {SIGPLAN}
					International Conference on Functional
					Programming {ICFP '08}"}
@String{ICFP08:month		= sep}
@String{ICFP08:loc              = "Victoria, BC, Canada"}
@STRING{ICFP09			= "Proceedings of the 14th {ACM} {SIGPLAN} International
					Conference on Functional Programming {ICFP '09}"}
@String{ICFP09:month		= "August--September"}
@String{ICFP09:loc              = "Edinburgh, Scotland, UK"}
@STRING{ICFP10			= "Proceedings of the 15th {ACM} {SIGPLAN} International
					Conference on Functional Programming {ICFP '10}"}
@String{ICFP10:month		= sep}
@String{ICFP10:loc              = "Baltimore, MD"}
@String{ICFP12                  = "Proceedings of the 17th {ACM} {SIGPLAN} International
                                        Conference on Functonal Programming {ICFP '12}"}
@String{ICFP12:year             = {2012}}
@String{ICFP12:month            = sep}
@String{ICFP12:loc              = "Copenhagen, Denmark"}
@String{ICFP13                  = "Proceedings of the 18th {ACM} {SIGPLAN} International
                                        Conference on Functonal Programming {ICFP '13}"}
@String{ICFP13:month            = sep}
@String{ICFP13:loc              = "Boston, MA"}
@String{ICFP14                  = "Proceedings of the 19th {ACM} {SIGPLAN} International
                                        Conference on Functonal Programming {ICFP '14}"}
@String{ICFP14:month            = sep}
@String{ICFP14:loc              = "Gothenburg, Sweden"}

@String{ICPP12                  = "International Conference on Parallel Processing"}
@String{ICPP12:year             = {2012}}
@String{ICPP12:month            = sep}
@String{ICPP12:loc		= "Pittsburgh, PA"}

@STRING{ICS87			= "ICS '87: Proceedings of the 2nd Annual International
                                          Conference on Supercomputing"}
@String{ICS87:month		= may}

@STRING{ICS08			= "ICS '08: Proceedings of the 22nd Annual International
                                          Conference on Supercomputing"}
@String{ICS08:month		= "June"}
@String{ICS08:loc              = "Barcelona, Spain"}

@String{IFL99			= "11th International Workshop on the
					Implementation of Functional
					Languages (IFL '99)"}
@String{IFL99:month		= sep}
@String{IFL99:loc		= "Lochem, The Netherlands"}
@String{IFL99:vol		= 1868}

@String{IFL03                   = "15th International Workshop on the
                                        Implementation of Functional
                                        Languages (IFL '03)"}
@String{IFL03:month             = sep}
@String{IFL03:loc               = "Edinburgh, UK"}
@String{IFL03:vol               = 3145}

@String{IFL09                   = "21st International Workshop on the
                                        Implementation of Functional
                                        Languages (IFL '09)"}
@String{IFL09:month             = sep}

@String{IPPS12			= "Proceedings of the 12th International Parallel
					Processing Symposium and 9th Symposium on Parallel and
					Distributed Processing (IPPS/SPDP'98)"}
@String{IPPS12:year		= 1998}
@String{IPPS12:month		= mar}

@String{IPDPS08                 = "IEEE International Symposium on Parallel and Distributed Processing"}
@String{IPDPS08:year            = 2008}
@String{ISMM00                  = "Proceedings of the 1st international symposium on Memory management"}
@String{ISMM02                  = "Proceedings of the 3rd international symposium on Memory management"}
@String{ISMM10                  = "Proceedings of the 2010 international symposium on Memory management"}
@String{ISMM11					= "Proceedings of the 2011 International Symposium on Memory Management"}

@String{ISPASS09		= "Proceedings of the International Symposium on Performance Analysis
					of Software and Systems ({ISPASS '09})"}
@String{ISPASS09:month		= apr}
@String{ISPASS10		= "Proceedings of the International Symposium on Performance Analysis
					of Systems and Software ({ISPASS '10})"}
@String{ISPASS10:month		= mar}

@String{JAVA00                  = "{JAVA} '00: Proceedings of the {ACM} 2000 Conference
                                        on Java Grande"}
@String{JAVA00:year             = 2000}
@String{JAVA00:loc              = "San Francisco, CA"}

@String{JSSPP95			= "{IPPS}'95 Workshop on Job Scheduling Strategies
					for Parallel Processing"}
@String{JSSPP95:month		= apr}
@String{JSSPP95:loc		= "Santa Barbara, CA"}
@String{JSSPP95:number		= "949"}
@String{JSSPP96			= "{IPPS}'96 Workshop on Job Scheduling Strategies
					for Parallel Processing"}
@String{JSSPP96:month		= apr}
@String{JSSPP96:loc		= "Honolulu, HI"}
@String{JSSPP96:number		= "1162"}

@string{LISP80			= "Conference Record of the 1980 {ACM} Conference
					on {Lisp} and Functional Programming"}
@string{LISP80:month            = aug}
@string{LISP82			= "Conference record of the 1982 {ACM} Conference
					on {Lisp} and Functional Programming"}
@String{LISP84			= "Conference Record of the 1984 {ACM} Symposium on
					{Lisp} and Functional Programming"}
@String{LISP84:month		= aug}
@String{LISP84:loc		= "Austin, TX"}
@string{LISP86			= "Conference record of the 1986 {ACM} Conference on
					{Lisp} and Functional Programming"}
@string{LISP88			= "Conference record of the 1988 {ACM} Conference on
					{Lisp} and Functional Programming"}
@string{LISP88:month		= jul}
@string{LISP88:loc		= "{Snowbird, Utah}"}
@string{LISP90			= "Conference record of the 1990 {ACM} Conference on
					{Lisp} and Functional Programming"}
@string{LISP90:month            = jun}
@string{LISP92			= "Conference record of the 1992 {ACM} Conference on
					{Lisp} and Functional Programming"}
@string{LISP92:month		= jun}
@string{LISP94			= "Conference record of the 1994 {ACM} Conference on
					{Lisp} and Functional Programming"}
@string{LISP94:month		= jun}

@String{MFPS95			= "Proceedings of the 1995 Mathematical Foundations of Programming Semantics Conference"}

@string{ML91			= "Proceedings of the 1991 {CMU} Workshop
					on {Standard ML}"}
@string{ML92			= "Proceedings of the 1992 {ACM SIGPLAN} Workshop
					on {ML} and its Applications"}
@string{ML94			= "Proceedings of the 1994 {ACM SIGPLAN} Workshop
					on {ML} and its Applications"}
@string{ML98			= "Proceedings of the 1998 {ACM SIGPLAN} Workshop
					on {ML}"}
@string{ML06			= "Proceedings of the 2006 {ACM SIGPLAN} Workshop
					on {ML}"}
@string{ML06:month		= sep}
@string{ML07			= "Proceedings of the 2007 {ACM SIGPLAN} Workshop
					on {ML}"}
@string{ML07:month		= oct}
@string{ML08			= "Proceedings of the 2008 {ACM SIGPLAN} Workshop
					on {ML}"}
@string{ML08:month		= sep}

@String{MSPC11                  = "{MSPC} 2011: {Memory} {Systems} {Performance} and {Correctness}"}
@String{MSPC11:month            = jun}
@String{MSPC11:loc              = "{San} {Jos\'{e}}, {California}, {USA}"}

@String{OOPSLA87			= "Proceedings of the 1987 Conference
					on Object-oriented Programming Systems,
					Languages, and Applications"}
@String{OOPSLA87:month		= oct}
@String{OOPSLA95			= "Proceedings of the 10th Annual Conference
					on Object-oriented Programming Systems,
					Languages, and Applications"}
@String{OOPSLA95:month		= oct}
@String{OOPSLA96			= "Proceedings of the 11th Annual Conference
					on Object-oriented Programming Systems,
					Languages, and Applications"}
@String{OOPSLA96:month		= oct}
@String{OOPSLA97			= "Proceedings of the 12th Annual Conference
					on Object-oriented Programming Systems,
					Languages, and Applications"}
@String{OOPSLA97:month		= oct}
@String{OOPSLA97:loc		= "Atlanta, Georgia, United States"}
@String{OOPSLA98			= "Proceedings of the 13th Annual Conference
					on Object-oriented Programming Systems,
					Languages, and Applications"}
@String{OOPSLA98:month		= oct}
@String{OOPSLA98:loc		= "Vancouver, British Columbia, Canada"}
@String{OOPSLA99			= "Proceedings of the 14th Annual Conference
					on Object-oriented Programming Systems,
					Languages, and Applications"}
@String{OOPSLA99:month		= nov}
@String{OOPSLA01			= "Proceedings of the 2001 ACM SIGPLAN Conference
					on Object-oriented Programming Systems,
					Languages, and Applications"}
@String{OOPSLA01:month		= oct}
@String{OOPSLA01:pub		= ACM:pub}
@String{OOPSLA01:addr		= ACM:addr}
@String{OOPSLA01:loc		= "Tampa Bay, FL, USA"}
@String{OOPSLA03			= "Proceedings of the 2003 ACM SIGPLAN Conference
					on Object-oriented Programming Systems,
					Languages, and Applications  ({OOPSLA '03})"}
@String{OOPSLA03:month		= oct}
@String{OOPSLA03:pub		= ACM:pub}
@String{OOPSLA03:addr		= ACM:addr}

@String{OOPSLA09:month		= oct}
@String{OOPSLA09:pub		= ACM:pub}
@String{OOPSLA09:addr		= ACM:addr}
@String{OOPSLA10           	= "Proceedings of the 2010 ACM SIGPLAN Conference
				on Object-oriented Programming Systems,
				Languages, and Applications  ({OOPSLA '10})"}

@String{OSDI2			= "Proceedings of the Second Symposium on Operating Systems Design
					and Implementation ({OSDI '96})"}
@String{OSDI2:year		= 1996}
@String{OSDI2:month		= oct}
@String{OSDI2:loc		= "Seattle, WA"}

@String{OSDI6			= "Proceedings of the Sixth Symposium on Operating Systems Design
					and Implementation ({OSDI '04})"}
@String{OSDI6:year		= 2004}
@String{OSDI6:month		= dec}
@String{OSDI6:loc		= "San Francisco, CA"}

@String{PACT13			= "Proceedings of the 13th International Conference on Parallel
					Architecture and Compilation Techniques ({PACT '04})"}
@String{PACT13:year		= 2004}
@String{PACT13:month		= oct}
@String{PACT16			= "Proceedings of the 16th International Conference on Parallel
					Architecture and Compilation Techniques ({PACT '07})"}
@String{PACT16:year		= 2007}
@String{PACT16:month		= sep}

@String{PADL07                  = "Proceedings of the Ninth International
					Symposium on Practical Aspects of
					Declarative Languages ({PADL} '07)"}
@String{PADL07:month            = jan}
@String{PADL07:vol              = 4354}

@String{pAs97			= "Proceedings of the 2nd {AIZU} International Symposium on Parallel
					Algorithms / Architecture Synthesis ({pAs} '97)"}

@String{PPDP99			= "Proceedings of the 1999 International
					Conference of Principles and Practice
					of Declarative Programming"}
@String{PPDP99:month		= sep}

@String{PPDP04			= "Proceedings of the 6th ACM SIGPLAN International Conference
                                        on Principles and Practice of Declarative Programming"}

@String{PEPM95			= "Proceedings of the 1995 ACM SIGPLAN Symposium on
 					Partial Evaluation and Semantics-Based Program
					Manipulation"}
@String{PEPM95:month		= jun}
@String{PEPM97			= "Proceedings of the 1997 ACM SIGPLAN Symposium on
 					Partial Evaluation and Semantics-Based Program
					Manipulation"}
@String{PEPM97:month		= jun}
@String{PEPM03			= "Proceedings of the 2003 ACM SIGPLAN Symposium on
 					Partial Evaluation and Semantics-Based Program
					Manipulation"}
@String{PEPM03:month		= jun}

@String{PLDI88:month		= jun}
@String{PLDI88			= "Proceedings of the {SIGPLAN} Conference on Programming
					Language Design and Implementation ({PLDI} '88)"}
@string{PLDI89			= "Proceedings of the {SIGPLAN} Conference on Programming
                                        Language Design and Implementation ({PLDI} '89)"}
@string{PLDI90			= "Proceedings of the {SIGPLAN} Conference on Programming
                                        Language Design and Implementation ({PLDI} '90)"}
@String{PLDI91:month		= jun}
@string{PLDI91			= "Proceedings of the {SIGPLAN} Conference on Programming
                                        Language Design and Implementation ({PLDI} '91)"}
@String{PLDI92:month		= jun}
@string{PLDI92			= "Proceedings of the {SIGPLAN} Conference on Programming
                                        Language Design and Implementation ({PLDI} '92)"}
@string{PLDI93			= "Proceedings of the {SIGPLAN} Conference on Programming
                                        Language Design and Implementation ({PLDI} '93)"}
@string{PLDI94			= "Proceedings of the {SIGPLAN} Conference on Programming
                                        Language Design and Implementation ({PLDI} '94)"}
@String{PLDI94:month		= jun}
@string{PLDI96			= "Proceedings of the {SIGPLAN} Conference on Programming
                                        Language Design and Implementation ({PLDI} '96)"}
@String{PLDI96:month		= may}
@string{PLDI97			= "Proceedings of the {SIGPLAN} Conference on Programming
                                        Language Design and Implementation ({PLDI} '97)"}
@string{PLDI98			= "Proceedings of the {SIGPLAN} Conference on Programming
                                        Language Design and Implementation ({PLDI} '98)"}
@String{PLDI98:month		= jun}
@string{PLDI99			= "Proceedings of the {SIGPLAN} Conference on Programming
                                        Language Design and Implementation ({PLDI} '99)"}
@String{PLDI99:month		= may}
@string{PLDI00	                = "Proceedings of the {SIGPLAN} Conference on Programming
                                        Language Design and Implementation ({PLDI} '00)"}
@String{PLDI00:month		= jun}
@string{PLDI01	                = "Proceedings of the {SIGPLAN} Conference on Programming
                                        Language Design and Implementation ({PLDI} '01)"}
@String{PLDI01:month		= jun}
@string{PLDI04	                = "Proceedings of the {SIGPLAN} Conference on Programming
                                        Language Design and Implementation ({PLDI} '04)"}
@String{PLDI04:month		= jun}
@string{PLDI05	                = "Proceedings of the {SIGPLAN} Conference on Programming
                                        Language Design and Implementation ({PLDI} '05)"}
@String{PLDI05:month		= jun}
@String{PLDI05:loc		= "Chicago, IL"}
@string{PLDI06	                = "Proceedings of the {SIGPLAN} Conference on Programming
                                        Language Design and Implementation ({PLDI} '06)"}
@String{PLDI06:loc		= "Ottawa, Ontario, Canada"}
@string{PLDI07	                = "Proceedings of the 2007 {SIGPLAN} Conference on Programming
                                        Language Design and Implementation ({PLDI} '07)"}
@String{PLDI07:month		= jun}
@String{PLDI07:loc		= "San Diego, CA"}
@string{PLDI08	                = "Proceedings of the 2008 {SIGPLAN} Conference on Programming
                                        Language Design and Implementation ({PLDI} '08)"}
@String{PLDI08:month		= jun}
@String{PLDI08:loc		= "San Diego, CA"}

@String{PLILP91			= "Programming Language Implementation
					and Logic Programming"}
@String{PLILP91:month		= aug}
@String{PLILP91:vol		= "528"}

@String{PODC82			= "Proceedings of the First {ACM} {SIGACT-SIGOPS} Symposium on
					Principles of Distributed Computing"}
@String{PODC95			= "Proceedings of the Fourteenth Annual {ACM} Symposium
					on Principles of Distributed Computing"}
@String{PODC96			= "Proceedings of the Fifteenth Annual {ACM} Symposium
					on Principles of Distributed Computing"}
@String{PODC96:month		= may}
@String{PODC96:loc		= "{Philadelphia, PA}"}

@String{POPL5			= "Conference Record of the 5th Annual {ACM}
					Symposium on Principles of Programming
					Languages (POPL '78)"}
@String{POPL5:year		= "1978"}
@String{POPL9			= "Conference Record of the 9th Annual {ACM}
					Symposium on Principles of Programming
					Languages (POPL '82)"}
@String{POPL9:year		= "1982"}
@String{POPL11			= "Conference Record of the 11th Annual ACM Symposium on
					Principles of Programming Languages (POPL '84)"}
@String{POPL11:year		= "1984"}
@String{POPL13			= "Conference Record of the 13th Annual {ACM}
					Symposium on Principles of Programming
					Languages (POPL '86)"}
@String{POPL13:year		= "1986"}
@String{POPL14			= "Conference Record of the 14th Annual {ACM}
					Symposium on Principles of Programming
					Languages (POPL '87)"}
@String{POPL14:year		= "1987"}
@String{POPL15			= "Conference Record of the 15th Annual {ACM}
					Symposium on Principles of Programming
					Languages (POPL '88)"}
@String{POPL15:year		= "1988"}
@String{POPL16			= "Conference Record of the 16th Annual {ACM}
					Symposium on Principles of Programming
					Languages (POPL '89)"}
@String{POPL16:year		= "1989"}
@String{POPL17			= "Conference Record of the 17th Annual {ACM} Symposium on
					Principles of Programming Languages (POPL '90)"}
@String{POPL17:year		= "1990"}
@String{POPL18			= "Conference Record of the 18th Annual {ACM}
					Symposium on Principles of Programming
					Languages (POPL '91)"}
@String{POPL18:year		= "1991"}
@String{POPL19			= "Conference Record of the 19th Annual {ACM}
					Symposium on Principles of Programming
					Languages (POPL '92)"}
@String{POPL19:year		= "1992"}
@String{POPL19:loc              = "Albuquerque, New Mexico, United States"}
@String{POPL20			= "Conference Record of the 20th Annual {ACM}
					Symposium on Principles of Programming
					Languages (POPL '93)"}
@String{POPL20:year		= "1993"}
@String{POPL21			= "Conference Record of the 21st Annual {ACM }Symposium on
					Principles of Programming Languages (POPL '94)"}
@String{POPL21:year		= "1994"}
@String{POPL22			= "Conference Record of the 22nd Annual {ACM }Symposium on
					Principles of Programming Languages (POPL '95)"}
@String{POPL22:year		= "1995"}
@String{POPL22:loc              = "San Francisco, California, United States"}
@String{POPL23			= "Conference Record of the 23rd Annual {ACM}
					Symposium on Principles of Programming
					Languages (POPL '96)"}
@String{POPL23:year		= "1996"}
@String{POPL24			= "Conference Record of the 24th Annual {ACM} Symposium on
					Principles of Programming Languages (POPL '97)"}
@String{POPL24:year		= "1997"}
@String{POPL24:loc		= "Paris, France"}
@String{POPL25			= "Conference Record of the 25th Annual {ACM} Symposium on
					Principles of Programming Languages (POPL '98)"}
@String{POPL25:year		= "1998"}
@String{POPL26			= "Conference Record of the 26th Annual {ACM}
					Symposium on Principles of Programming
					Languages (POPL '99)"}
@String{POPL26:year		= "1999"}
@String{POPL26:loc              = "San Antonio, Texas, USA"}
@String{POPL27                  = "Proceedings of the 27th Annual {ACM} {SIGPLAN-SIGACT}
                                        Symposium on Principles of Programming
                                        Languages (POPL'00)"}
@String{POPL27:year             = "2000"}
@String{POPL27:loc              = "Boston, Massachusetts, USA"}
@String{POPL28			= "Conference Record of the 28th Annual {ACM} Symposium on
					Principles of Programming Languages (POPL '01)"}
@String{POPL28:year		= "2001"}
@String{POPL30			= "Conference Record of the 30th Annual {ACM} Symposium on
					Principles of Programming Languages (POPL '03)"}
@String{POPL30:year		= "2003"}
@String{POPL32			= "Conference Record of the 32nd Annual {ACM} Symposium on
					Principles of Programming Languages (POPL '05)"}
@String{POPL32:year		= "2005"}
@String{POPL33			= "Conference Record of the 33rd Annual {ACM} Symposium on
					Principles of Programming Languages (POPL '06)"}
@String{POPL33:year		= "2006"}
@String{POPL34			= "Conference Record of the 34th Annual {ACM} Symposium on
					Principles of Programming Languages (POPL '07)"}
@String{POPL34:month		= jan}
@String{POPL34:year		= "2007"}
@String{POPL35			= "Conference Record of the 35th Annual {ACM} Symposium on
					Principles of Programming Languages (POPL '08)"}
@String{POPL35:month		= jan}
@String{POPL35:year		= "2008"}
@String{POPL37			= "Conference Record of the 37th Annual {ACM} Symposium on
					Principles of Programming Languages (POPL '10)"}
@String{POPL37:year		= "2010"}
@String{POPL37:loc		= "Madrid, Spain"}
@String{POPL38			= "Conference Record of the 38th Annual {ACM} Symposium on
					Principles of Programming Languages (POPL '11)"}
@String{POPL38:year		= "2011"}
@String{POPL38:loc		= "Austin, TX"}

@string{PPoPP91			= "Proceedings of the 3rd {ACM} {SIGPLAN} Symposium on Principles \&
					Practice of Parallel Programming ({PPoPP} '91)"}
@string{PPoPP93			= "Proceedings of the 4th {ACM} {SIGPLAN} Symposium on Principles \&
					Practice of Parallel Programming ({PPoPP} '93)"}
@string{PPoPP93:month		= may}
@string{PPoPP93:loc		= "San Diego, CA"}
@string{PPoPP95			= "Proceedings of the 5th {ACM} {SIGPLAN} Symposium on Principles \&
					Practice of Parallel Programming ({PPoPP} '95)"}
@string{PPoPP95:month		= jul}
@String{PPoPP95:loc		= "Santa Barbara, CA"}
@string{PPoPP05			= "Proceedings of the 10th {ACM} {SIGPLAN} Symposium on Principles \&
                                        Practice of Parallel Programming ({PPoPP} '05)"}
@string{PPoPP05:month		= jun}
@string{PPoPP06			= "Proceedings of the 11th {ACM} {SIGPLAN} Symposium on Principles \&
                                        Practice of Parallel Programming ({PPoPP} '06)"}
@string{PPoPP06:month		= mar}
@string{PPoPP07			= "Proceedings of the 12th {ACM} {SIGPLAN} Symposium on Principles \&
                                        Practice of Parallel Programming ({PPoPP} '07)"}
@string{PPoPP07:month		= mar}
@string{PPoPP08			= "Proceedings of the 13th {ACM} {SIGPLAN} Symposium on Principles \&
                                        Practice of Parallel Programming ({PPoPP} '08)"}
@string{PPoPP08:loc		= "Salt Lake City, UT"}
@string{PPoPP08:month		= feb}
@string{PPoPP09			= "Proceedings of the 14th {ACM} {SIGPLAN} Symposium on Principles \&
                                        Practice of Parallel Programming ({PPoPP} '09)"}
@string{PPoPP09:month		= feb}
@string{PPoPP09:loc		= "Raleigh, NC"}
@string{PPoPP10			= "Proceedings of the 15th {ACM} {SIGPLAN} Symposium on Principles \&
                                        Practice of Parallel Programming ({PPoPP} '10)"}
@string{PPoPP10:month		= jan}
@string{PPoPP10:loc		= "Bangalore, India"}
@string{PPoPP11			= "Proceedings of the 16th {ACM} {SIGPLAN} Symposium on Principles \&
                                        Practice of Parallel Programming ({PPoPP} '11)"}
@string{PPoPP11:month		= feb}
@string{PPoPP11:loc		= "San Antonio, TX"}
@string{PPoPP12			= "Proceedings of the 17th {ACM} {SIGPLAN} Symposium on Principles \&
                                        Practice of Parallel Programming ({PPoPP} '12)"}
@string{PPoPP12:month		= feb}
@string{PPoPP12:loc		= "New Orleans, LA"}
@string{PPoPP13			= "Proceedings of the 18th {ACM} {SIGPLAN} Symposium on Principles \&
                                        Practice of Parallel Programming ({PPoPP} '13)"}
@string{PPoPP13:month		= feb}
@string{PPoPP13:loc		= "Shenzhen, China"}


@string{PSDE84			= "Proceedings of the {ACM} {SIGSOFT/SIGPLAN}
					Software Engineering Symposium on Practical
					Software Development Environments"}
@string{PSDE86			= "Proceedings of the {ACM} {SIGSOFT/SIGPLAN}
					Software Engineering Symposium on Practical
					Software Development Environments"}
@string{PSDE88			= "Proceedings of the {ACM} {SIGSOFT/SIGPLAN}
					Software Engineering Symposium on Practical
					Software Development Environments"}

@string{RTS02			= "10th International Conference on Real-Time Systems ({RTS} '02)"}
@string{RTS02:month		= mar}
@string{RTS02:loc		= "Paris, France"}

@string{SAC95			= "Proceedings of the 1995 {ACM} Symposium on
					Applied Computing"}

@string{SAS97                  = "Proceedings of the 4th International Symposium on Static Analysis"}

@string{SC09                   = "Proceedings of the Conference on High Performance Computing
                                             Networking, Storage and Analysis"}
@string{SC09:year              = "2009"}
@string{SC09:loc               = "Portland, Oregon, USA"}

@String{SIGGRAPH85		= "Proceedings of {ACM} {SIGGRAPH} 1985"}
@String{SIGGRAPH04		= "Proceedings of {ACM} {SIGGRAPH} 2004"}

@String{SIGOPSR                 = "{ACM} {SIGOPS} Operating Systems Review"}

@string{SIGPLAN85		= "Proceedings of the {SIGPLAN} '85 Symposium on
					Language Issues in Programming Environments"}
@string{SIGPLAN86		= "Proceedings of the {SIGPLAN} '86 Symposium
					on Compiler Construction"}

@string{SOSP11			= "Proceedings of the 11th {ACM} Symposium on
					Operating System Principles"}
@String{SOSP11:year		= "1987"}
@String{SOSP11:month		= nov}
@string{SOSP14			= "Proceedings of the 14th {ACM} Symposium on
					Operating System Principles"}
@String{SOSP14:year		= "1993"}
@String{SOSP14:month		= dec}
@string{SOSP19			= "Proceedings of the 19th {ACM} Symposium
					on Operating Systems Principles"}
@string{SOSP19:year		= "2003"}
@string{SOSP19:month		= dec}
@string{SOSP22			= "Proceedings of the 22nd {ACM} Symposium
					on Operating Systems Principles"}
@string{SOSP22:year		= "2009"}
@string{SOSP22:month		= dec}

@string{SPAA96                  = "Proceedings of the 8th {ACM} Annual Symposium on Parallel Algorithms and Architectures"}
@string{SPAA96:year             = "1996"}
@string{SPAA98                  = "Proceedings of the 9th {ACM} Annual Symposium on Parallel Algorithms and Architectures"}
@string{SPAA98:year             = "1998"}
@string{SPAA00                  = "Proceedings of the 12th {ACM} Annual Symposium on Parallel Algorithms and Architectures"}
@string{SPAA00:year             = "2000"}
@string{SPAA04                  = "Proceedings of the 16th {ACM} Annual Symposium on Parallel Algorithms and Architectures"}
@string{SPAA04:year             = "2004"}
@string{SPAA05                  = "Proceedings of the 16th {ACM} Annual Symposium on Parallel Algorithms and Architectures"}
@string{SPAA05:year             = "2005"}
@string{SPAA05:loc              = "Los Vegas, NV, USA"}
@string{SPAA08                  = "Proceedings of the 20th {ACM} Annual Symposium on Parallel Algorithms and Architectures"}
@string{SPAA08:month            = jun}
@string{SPAA08:year             = "2008"}
@string{SPAA12                  = "Proceedings of the 24th {ACM} Annual Symposium on Parallel Algorithms and Architectures"}
@string{SPAA12:month            = jun}
@string{SPAA12:year             = "2012"}

@string{STMCS01                 = "First Workshop on Software Tools for Multi-Core Systems"}
@string{STMCS01:year            = 2006}

@string{STOC12                  = "{STOC '93: Proceedings of the twenty-fifth annual ACM symposium on Theory of computing}"}
@string{STOC12:year            = 1993}

@string{SUPER93                 = "Proceedings of the 1993 ACM/IEEE conference on Supercomputing"}
@string{SUPER93:year            = "1993"}
@string{SUPER:loc               = "Portland, {OR}"}

@string{TAPSOFT89a		= "TAPSOFT '89 (vol. 1)"}
@string{TAPSOFT89b		= "TAPSOFT '89 (vol. 2)"}
@String{TAPSOFT89:month		= mar}

@String{TOOLS99			= "Proceedings of the 1999 Conference on
					Technology of Object-Oriented Languages
					and Systems"}
@String{TOOLS99:month		= aug}

@String{USENIX-DSL1		= "Proceedings of the Conference on
					Domain-Specific Languages"}
@String{USENIX-DSL1:year	= 1997}
@String{USENIX-DSL1:month	= oct}
@String{USENIX-DSL2		= "Proceedings of the 2nd Conference on
					Domain-Specific Languages"}
@String{USENIX-DSL2:year	= 1999}
@String{USENIX-DSL2:month	= oct}

@String{USENIX-TCL4		= "Proceedings of the Fourth Annual USENIX Tcl/Tk
					Workshop (TCL'96)"}
@String{USENIX-TCL4:year	= 1996}
@String{USENIX-TCL4:month	= jul}

@String{VMCAI10   		= "Proceedings of the 11th international conference on Verification, Model Checking, and Abstract Interpretation"}

@String{VIZ97			= "Proceedings of the 8th Conference on Visualization ({VIZ} '97)"}
@String{VIZ97:month		= oct}
@String{VIZ97:loc		= "Phoenix, AZ"}

@String{WOOD03			= "Proceedings of the First Workshop on
					Object-Oriented Developments"}

@String{WOTUG20			= "Proceedings of the Parallel Programming
					and {Java} Conference ({WoTUG20})"}
@String{WOTUG20:year		= 1997}
@String{WOTUG20:month		= apr}

@String{WRLA98			= "Second International Workshop on Rewriting
					Logic and its Applications (WRLA '98)"}
@String{WRLA98:vol		= 15 }
@String{WRLA98:month		= sep }

@String{X10-11			= "Proceedings of the 2011 {ACM} {SIGPLAN} {X10} Workshop ({X10} '11)"}
@String{X10-11:month		= may}
@String{X10-11:loc		= "San Jose, CA"}
